@inproceedings{zaharia2012resilient,
  title={Resilient distributed datasets: A fault-tolerant abstraction for in-memory cluster computing},
  author={Zaharia, Matei and Chowdhury, Mosharaf and Das, Tathagata and Dave, Ankur and Ma, Justin and McCauley, Murphy and Franklin, Michael J and Shenker, Scott and Stoica, Ion},
  booktitle={Proceedings of the 9th USENIX conference on Networked Systems Design and Implementation},
  pages={2--2},
  year={2012},
  organization={USENIX Association}
}

@article{dean2008mapreduce,
  title={MapReduce: simplified data processing on large clusters},
  author={Dean, Jeffrey and Ghemawat, Sanjay},
  journal={Communications of the ACM},
  volume={51},
  number={1},
  pages={107--113},
  year={2008},
  publisher={ACM}
}

@inproceedings{bauer2012legion,
  title={Legion: expressing locality and independence with logical regions},
  author={Bauer, Michael and Treichler, Sean and Slaughter, Elliott and Aiken, Alex},
  booktitle={Proceedings of the international conference on high performance computing, networking, storage and analysis},
  pages={66},
  year={2012},
  organization={IEEE Computer Society Press}
}

@inproceedings{heinly2015reconstructing,
  title={Reconstructing the World* in Six Days *(As Captured by the Yahoo 100 Million Image Dataset)},
  author={Heinly, Jared and Sch{\"o}nberger, Johannes L. and Dunn, Enrique and Frahm, Jan-Michael},
  booktitle={The IEEE Conference on Computer Vision and Pattern Recognition (CVPR)},
  year={2015}
}

@article{agarwal2011building,
  title={Building rome in a day},
  author={Agarwal, Sameer and Furukawa, Yasutaka and Snavely, Noah and Simon, Ian and Curless, Brian and Seitz, Steven M and Szeliski, Richard},
  journal={Communications of the ACM},
  volume={54},
  number={10},
  pages={105--112},
  year={2011},
  publisher={ACM}
}

@article{zhu2014averageexplorer,
  title={Averageexplorer: Interactive exploration and alignment of visual data collections},
  author={Zhu, Jun-Yan and Lee, Yong Jae and Efros, Alexei A},
  journal={ACM Transactions on Graphics (TOG)},
  volume={33},
  number={4},
  pages={160},
  year={2014},
  publisher={ACM}
}

@article{ragan2013halide,
  title={Halide: a language and compiler for optimizing parallelism, locality, and recomputation in image processing pipelines},
  author={Ragan-Kelley, Jonathan and Barnes, Connelly and Adams, Andrew and Paris, Sylvain and Durand, Fr{\'e}do and Amarasinghe, Saman},
  journal={ACM SIGPLAN Notices},
  volume={48},
  number={6},
  pages={519--530},
  year={2013},
  publisher={ACM}
}

@inproceedings{stonebraker2011architecture,
  title={The architecture of SciDB},
  author={Stonebraker, Michael and Brown, Paul and Poliakov, Alex and Raman, Suchi},
  booktitle={Scientific and Statistical Database Management},
  pages={1--16},
  year={2011},
  organization={Springer}
}

@inproceedings{li2014scaling,
  title={Scaling distributed machine learning with the parameter server},
  author={Li, Mu and Andersen, David G and Park, Jun Woo},
  year=2014,
  booktitle={OSDI}
}
